@book{Doran,
    title = {Geometric {Algebra} for {Physicists}},
    publisher = {Cambridge University Press},
    author = {Doran, Chris and Lasenby, Anthony},
    year = {2003},
    url = {http://www.mrao.cam.ac.uk/~clifford}
}

@book{Hestenes,
    title = {Clifford algebra to geometric calculus: a unified language for mathematics and physics},
    shorttitle = {Clifford algebra to geometric calculus},
    publisher = {Kluwer Academic Publishers},
    author = {Hestenes, David and Sobczyk, Garret},
    year = {1984},
    url = {http://geocalc.clas.asu.edu/html/CA_to_GC.html}
}

@book{HestenesMech,
    title = {New {Foundations} for {Classical} {Mechanics}},
    publisher = {Kluwer Academic Publishers},
    author = {Hestenes, David},
    year = {1999},
    url = {http://geocalc.clas.asu.edu/html/NFCM.html}
}

@book{Macdonald1,
    title = {Linear and {Geometric} {Algebra}},
    publisher = {CreateSpace Independent Publishing Platform},
    author = {{Alan Macdonald}},
    year = {2010},
    url = {http://www.faculty.luther.edu/~macdonal/laga}
}

@book{Macdonald2,
    title = {Vector and {Geometric} {Calculus}},
    publisher = {CreateSpace Independent Publishing Platform},
    author = {{Alan Macdonald}},
    year = {2012},
    url = {http://www.faculty.luther.edu/~macdonal/vagc/},
}

@book{Dorst,
    title = {Geometric algebra for computer science: an object-oriented approach to geometry},
    shorttitle = {Geometric algebra for computer science},
    publisher = {Morgan Kaufmann},
    author = {Dorst, Leo and Fontijne, Daniel and Mann, Stephen},
    year = {2009},
    note = {2nd printing},
    url = {http://www.geometricalgebra.net/}
}

@book{Perwass,
    title = {Geometric {Algebra} with {Applications} in {Engineering}},
    publisher = {Springer},
    author = {Perwass, Christian},
    year = {2008}
}

@book{Arthur,
    title = {Understanding {Geometric} {Algebra} for {Electromagnetic} {Theory}},
    publisher = {Wiley-IEEE Press},
    author = {{John W. Arthur}},
    year = {2011}
}
